@article{Cohousing,
  author = {Maria José Vañó Vañó},
  title = {Cohousing cooperativo: Un análisis de retos y oportunidades},
  year = {2022},
  publisher = {Ciriec},
  address = {Spain},
  howpublished = {\url{https://ciriec.es/wp-content/uploads/2025/01/Revista_75_CIDEC_tema.pdf}},
}

@misc{Flatmatefinders,
    author       = {FlatmateFinders},
    title        = {Aplicación para búsqueda de pisos por afinidad},
    version      = {3},
	howpublished = {\url{http://www.flatmatefinders.com.au}},
}
@misc{Idealista,
    author       = {Idealista},
    title        = {Portal inmobiliario para la búsqueda de pisos y habitaciones},
    year         = {2022},
    howpublished = {\url{https://www.idealista.com}}
}
@misc{Flatify,
    author       = {Flatify},
    title        = {Aplicación para gestión de viviendas compartidas},
    howpublished = {\url{https://www.flatify.com}}
}
@article{idealista2024,
  author = {Idealista},
  title = {Tendencias del mercado inmobiliario en 2024},
  howpublished = {https://www.idealista.com/noticias/tendencias-2024}
}
@misc{GitHub,
    author       = {GitHub, Inc.},
    title        = {GitHub: A platform for version control and collaboration},
    year         = {2025},
    url          = {https://github.com}
}
@article{DatosMacro,
    author       = {DatosMacro},
    title        = {Zona Euro},
    year         = {2025},
    url          = {https://datosmacro.expansion.com/paises/grupos/zona-euro}
}
@misc{Jest,
    author       = {Facebook, Inc.},
    title        = {Jest: Delightful JavaScript Testing Framework},
    year         = {2025},
    url          = {https://jestjs.io}
},
@misc{speakerdeck_screaming,
  title        = {Software Architecture and How It Is Related to Software Quality},
  author       = {Ondrášek, Jan},
  year         = {2019},
  howpublished = {\url{https://speakerdeck.com/ondrasek/pv260-software-architecture-and-how-it-is-related-to-software-quality}},
  note         = {Accedido: 27 de agosto de 2025}
},
@misc{SpringBoot,
    author       = {Pivotal Software},
    title        = {Spring Boot: A framework for building Java applications},
    year         = {2025},
    url          = {https://spring.io/projects/spring-boot}
}
@misc{Railway,
    author       = {Railway},
    title        = {Railway: Deploy apps with simplicity},
    year         = {2025},
    url          = {https://railway.app}
}
@misc{React,
    author       = {Meta},
    title        = {React: A JavaScript library for building user interfaces},
    year         = {2025},
    url          = {https://reactjs.org}
}
@article{Top_Language_GitHub,
    author = {GitHub},
    title = {Octoverse 2024: AI leads Python to top language as the number of global developers surges},
    journal = {GitHub Blog},
    year = {2024},
    url = {https://github.blog/news-insights/octoverse/octoverse-2024/}
}

@article{Frontend_Frameworks_DevJobsScanner,
  author = {DevJobsScanner},
  title = {The Most Demanded Frontend Frameworks},
  year = {2024},
  journal = {DevJobsScanner},
  url = {https://www.devjobsscanner.com/blog/the-most-demanded-frontend-frameworks/}
}
@article{MVC,
  author = {{DevJobsScanner}},
  title = {The Most Demanded Frontend Frameworks},
  year = {2024},
  journal = {DevJobsScanner Blog},
  url = {https://www.devjobsscanner.com/blog/the-most-demanded-frontend-frameworks/}
}
@misc{NodeJS,
  author = {Node.js},
  title = {Node.js v16.x.x Documentation},
  year = {s. f.},
  url = {https://nodejs.org/docs/latest/api/},
}
@article{cics-acid,
    author    = {IBM},
    title     = {Propiedades ACID en el procesamiento de transacciones},
    year      = {2025},
    url       = {https://www.ibm.com/docs/es/cics-tx/11.1?topic=processing-acid-properties-transactions}
}
@misc{scrumguide2020,
  author = {Scrum Guide},
  title = {The Scrum Guide},
  year = {2020},
  url = {https://scrumguides.org/docs/scrumguide/v2020/2020-Scrum-Guide-US.pdf},
}

@article{scrum,
    author = {Julia Martins},
    title = {Scrum: conceptos clave y cómo se aplica en la gestión de proyectos},
    journal = {asana},
    year = {2025},
    url = {https://asana.com/es/resources/what-is-scrum}
}

@online{atlassianBacklog,
  author       = {{Atlassian}},
  title        = {¿Qué es un backlog de producto en Scrum?},
  year         = {s.f.},
  url          = {https://www.atlassian.com/es/agile/scrum/backlogs},
  organization = {Atlassian}
}

@online{lucidchartUML,
  author    = {{Lucidchart}},
  title     = {Tutorial de diagrama de clases UML},
  year      = {2024},
  url       = {https://www.lucidchart.com/pages/es/tutorial-de-diagrama-de-clases-uml}
}
@online{profydev2021screaming,
  author       = {profydev},
  title        = {Screaming Architecture: Evolution of a React Folder Structure},
  year         = {2021},
  url          = {https://dev.to/profydev/screaming-architecture-evolution-of-a-react-folder-structure-4g25},
}
@online{richardsonMicroservices,
  author       = {Chris Richardson},
  title        = {Microservices Pattern: Microservice Architecture},
  url          = {https://microservices.io/patterns/microservices.html},
}
@online{rabbitmq,
  title     = {RabbitMQ},
  author    = {{RabbitMQ}},
  year      = {2025},
  url       = {https://www.rabbitmq.com/}
}
@online{martin_clean_architecture,
  author    = {Robert C. Martin},
  title     = {The Clean Architecture},
  year      = {2012},
  url       = {https://blog.cleancoder.com/uncle-bob/2012/08/13/the-clean-architecture.html},
  note      = {Último acceso: 7 de mayo de 2025}
}
@misc{vscode,
  title        = {{Visual Studio Code}},
  author       = {{Microsoft}},
  year         = {2023},
  howpublished = {\url{https://code.visualstudio.com/}},
  note         = {Último acceso: julio 2025}
}

@misc{GithubActions,
  title        = {{GitHub Docs: GitHub Actions}},
  author       = {{GitHub}},
  year         = {2023},
  howpublished = {\url{https://docs.github.com/en/actions}},
  note         = {Último acceso: julio 2025}
}

@misc{codecov,
  author       = {{Codecov}},
  title        = {{Codecov Docs}},
  year         = {2023},
  howpublished = {\url{https://docs.codecov.com/docs}},
  note         = {Último acceso: julio 2025}
}

@misc{cicd,
  author       = {{Red Hat}},
  title        = {¿Qué es CI/CD?},
  year         = {2023},
  howpublished = {\url{https://www.redhat.com/es/topics/devops/what-is-ci-cd}},
  note         = {Último acceso: julio 2025}
}

@misc{docker,
  title = {Docker Documentation},
  author = {{Docker Inc.}},
  year = {2024},
  howpublished = {\url{https://docs.docker.com/}},
  note = {Último acceso: julio de 2025}
}

@misc{dockercompose,
  title = {Docker Compose Documentation},
  author = {{Docker Inc.}},
  year = {2024},
  howpublished = {\url{https://docs.docker.com/compose/}},
  note = {Último acceso: julio de 2025}
}

@misc{jwt,
  title = {Introduction to JSON Web Tokens},
  author = {{JWT.io}},
  year = {2024},
  howpublished = {\url{https://jwt.io/introduction}},
  note = {Último acceso: julio de 2025}
}

@misc{springsecurityjwt,
  title = {Spring Security with JWT},
  author = {{Spring Team}},
  year = {2024},
  howpublished = {\url{https://docs.spring.io/spring-security/reference/servlet/oauth2/resource-server/jwt.html}},
  note = {Último acceso: julio de 2025}
}

@misc{pandas,
  author = {The pandas development team},
  title = {pandas-dev/pandas: Pandas},
  year = {2023},
  howpublished = {\url{https://pandas.pydata.org/}},
  note = {Accedido el 13 de julio de 2025}
}

@misc{fastapi,
  author = {Sebastián Ramírez},
  title = {FastAPI},
  year = {2023},
  howpublished = {\url{https://fastapi.tiangolo.com/}},
  note = {Accedido el 13 de julio de 2025}
}

@article{kmeans,
  author = {Eda Kavlakoglu y Vanna Winland},
  title = {¿Qué es la agrupación en clústeres k-means? },
  journal = {IBM},
  url = {https://www.ibm.com/mx-es/think/topics/k-means-clustering},
}



@misc{microservices-google,
  author = {{Google Cloud}},
  title = {Microservices Architecture},
  year = {2024},
  howpublished = {\url{https://cloud.google.com/learn/what-are-microservices}},
  note = {Accedido el 13 de julio de 2025}
}

@misc{event-driven-redhat,
  author = {{Red Hat}},
  title = {What is Event-Driven Architecture?},
  year = {2023},
  howpublished = {\url{https://www.redhat.com/en/topics/integration/what-is-event-driven-architecture}},
  note = {Accedido el 13 de julio de 2025}
}

@misc{eda-confluent,
  author = {{Confluent}},
  title = {Event-Driven Architecture Explained},
  year = {2023},
  howpublished = {\url{https://www.confluent.io/learn/event-driven-architecture/}},
  note = {Accedido el 13 de julio de 2025}
}

@misc{fullcalendar-docs,
  author = {{FullCalendar}},
  title = {FullCalendar Documentation},
  year = {2025},
  howpublished = {\url{https://fullcalendar.io/docs}},
  note = {Accedido el 13 de julio de 2025}
}
}